<record><leader>00000cas a22000007a 4500</leader><controlfield tag="001">13789922</controlfield><controlfield tag="008">860627d19341950nvuwr ne      0    0eng d</controlfield><datafield ind1=" " ind2=" " tag="010"><subfield code="a">sn 86076206 </subfield></datafield><datafield ind1=" " ind2=" " tag="040"><subfield code="a">NNX</subfield><subfield code="b">eng</subfield><subfield code="c">NNX</subfield><subfield code="d">CNK</subfield><subfield code="d">OCL</subfield><subfield code="d">OCLCQ</subfield></datafield><datafield ind1=" " ind2=" " tag="042"><subfield code="a">msc</subfield></datafield><datafield ind1="0" ind2="0" tag="245"><subfield code="a">Reese River reveille and the Austin sun.</subfield></datafield><datafield ind1=" " ind2=" " tag="260"><subfield code="a">Austin, Nev. :</subfield><subfield code="b">W.M. Thatcher,</subfield><subfield code="c">1934-1950.</subfield></datafield><datafield ind1=" " ind2=" " tag="300"><subfield code="a">12 v. :</subfield><subfield code="b">ill.</subfield></datafield><datafield ind1=" " ind2=" " tag="310"><subfield code="a">Weekly</subfield></datafield><datafield ind1="0" ind2=" " tag="362"><subfield code="a">Vol. 117, no. 26 (June 30, 1934)-v. 128, no. 6 (May 6, 1950).</subfield></datafield><datafield ind1=" " ind2=" " tag="500"><subfield code="a">"The Reese River Reveille having been acquired by the editor &amp; publisher of the Austin Sun, the two newspapers are merged with this issue."</subfield></datafield><datafield ind1=" " ind2=" " tag="500"><subfield code="a">Publisher: Jan. 7, 1950-May 6, 1950, J. Taylor.</subfield></datafield><datafield ind1=" " ind2=" " tag="752"><subfield code="a">United States</subfield><subfield code="b">Nevada</subfield><subfield code="c">Lander</subfield><subfield code="d">Austin.</subfield></datafield><datafield ind1="0" ind2="4" tag="780"><subfield code="t">Reese River reveille and Nevada progressive combined</subfield><subfield code="w">(DLC)sn 86076205</subfield></datafield><datafield ind1="0" ind2="4" tag="780"><subfield code="t">Austin sun (Austin, Nev.)</subfield><subfield code="w">(DLC)sn 86076283</subfield></datafield><datafield ind1="0" ind2="0" tag="785"><subfield code="t">Reese River reveille (Austin, Nev. : 1950)</subfield><subfield code="w">(DLC)sn 84020372</subfield><subfield code="w">(OCoLC)10686808</subfield></datafield><datafield ind1="1" ind2=" " tag="029"><subfield code="a">AU@</subfield><subfield code="b">000022774887</subfield></datafield></record>